@TECHREPORT{wz-cplttdap-22,
AUTHOR = {Nils Werner and Tim Zeitz},
TITLE = {{Combining Predicted and Live Traffic with Time-Dependent A* Potentials}},
URL = {https://arxiv.org/abs/???},
YEAR = {2022},
INSTITUTION = {Institute of Theoretical Informatics, Algorithmics, Karlsruhe Institute of Technology},
}

@ARTICLE{z-nphsp-22,
AUTHOR = {Tim Zeitz},
TITLE = {{NP-Hardness of Shortest Path Problems in Networks with Non-FIFO Time-Dependent Travel Times }},
JOURNAL = {Information Processing Letters},
MONTH = {May},
URL = {https://doi.org/10.1016/j.ipl.2022.106287},
YEAR = {2022}
}

@InProceedings{strasser:OASIcs:2017:7897,
  author =  {Ben Strasser},
  title = {{Dynamic Time-Dependent Routing in Road Networks Through Sampling}},
  booktitle = {17th Workshop on Algorithmic Approaches for Transportation Modelling, Optimization, and Systems (ATMOS 2017)},
  pages = {3:1--3:17},
  series =  {OpenAccess Series in Informatics (OASIcs)},
  ISBN =  {978-3-95977-042-2},
  ISSN =  {2190-6807},
  year =  {2017},
  volume =  {59},
  editor =  {Gianlorenzo D'Angelo and Twan Dollevoet},
  publisher = {Schloss Dagstuhl--Leibniz-Zentrum fuer Informatik},
  address = {Dagstuhl, Germany},
  URL =   {http://drops.dagstuhl.de/opus/volltexte/2017/7897},
  URN =   {urn:nbn:de:0030-drops-78972},
  doi =   {10.4230/OASIcs.ATMOS.2017.3},
  annote =  {Keywords: shortest path, time-dependent, road graphs, preprocessing}
}

@misc{bingblog,
  key = {Microsoft Bing Blogs},
  title = {Bing Maps New Routing Engine},
  howpublished = {\url{https://blogs.bing.com/maps/2012/01/05/bing-maps-new-routing-engine/}},
  note = {Accessed: 2020-01-25}
}

@ARTICLE{swz-sfert-21,
AUTHOR = {Ben Strasser and Dorothea Wagner and Tim Zeitz},
TITLE = {{Space-efficient, Fast and Exact Routing in Time-Dependent Road Networks}},
JOURNAL = {Algorithms},
MONTH = {January},
NUMBER = {3},
URL = {https://www.mdpi.com/1999-4893/14/3/90},
VOLUME = {14},
YEAR = {2021}
}

@ARTICLE{dn-crdtd-12,
AUTHOR = {Daniel Delling and Giacomo Nannicini},
TITLE = {{Core Routing on Dynamic Time-Dependent Road Networks}},
JOURNAL = {Informs Journal on Computing},
NUMBER = {2},
PAGES = {187--201},
VOLUME = {24},
YEAR = {2012}
}

@ARTICLE{bgsv-mtdtt-13,
AUTHOR = {Gernot Veit Batz and Robert Geisberger and Peter Sanders and Christian Vetter},
TITLE = {{Minimum Time-Dependent Travel Times with Contraction Hierarchies}},
JOURNAL = {ACM Journal of Experimental Algorithmics},
MONTH = {April},
NUMBER = {1.4},
PAGES = {1--43},
VOLUME = {18},
YEAR = {2013}
}

@INPROCEEDINGS{bdpw-dtdrp-16,
AUTHOR = {Moritz Baum and Julian Dibbelt and Thomas Pajor and Dorothea Wagner},
TITLE = {{Dynamic Time-Dependent Route Planning in Road Networks with User Preferences}},
BOOKTITLE = {Proceedings of the 15th International Symposium on Experimental Algorithms (SEA'16)},
KEY = {SEA'16},
PUBLISHER = {Springer},
SERIES = {Lecture Notes in Computer Science},
VOLUME = {9685},
YEAR = {2016},
PAGES = {33--49},
URL_ = {http://link.springer.com/chapter/10.1007/978-3-319-38851-9_3}
}

@InProceedings{strasser_et_al:LIPIcs.SEA.2021.6,
  author =  {Strasser, Ben and Zeitz, Tim},
  title = {{A Fast and Tight Heuristic for A* in Road Networks}},
  booktitle = {19th International Symposium on Experimental Algorithms (SEA 2021)},
  pages = {6:1--6:16},
  series =  {Leibniz International Proceedings in Informatics (LIPIcs)},
  ISBN =  {978-3-95977-185-6},
  ISSN =  {1868-8969},
  year =  {2021},
  volume =  {190},
  editor =  {Coudert, David and Natale, Emanuele},
  publisher = {Schloss Dagstuhl -- Leibniz-Zentrum f{\"u}r Informatik},
  address = {Dagstuhl, Germany},
  URL =   {https://drops.dagstuhl.de/opus/volltexte/2021/13778},
  URN =   {urn:nbn:de:0030-drops-137780},
  doi =   {10.4230/LIPIcs.SEA.2021.6},
  annote =  {Keywords: route planning, shortest paths, realistic road networks}
}

@ARTICLE{hnr-afbhd-68,
AUTHOR = {Peter E. Hart and Nils Nilsson and Bertram Raphael},
TITLE = {{A Formal Basis for the Heuristic Determination of Minimum Cost Paths}},
JOURNAL = {IEEE Transactions on Systems Science and Cybernetics},
PAGES = {100--107},
VOLUME = {4},
YEAR = {1968}
}

@ARTICLE{d-ntpcg-59,
AUTHOR = {Edsger W. Dijkstra},
TITLE = {{A Note on Two Problems in Connexion with Graphs}},
JOURNAL = {Numerische Mathematik},
NUMBER = {1},
PAGES = {269--271},
VOLUME = {1},
YEAR = {1959}
}

@INCOLLECTION{bdgmpsww-rptn-16,
AUTHOR = {Hannah Bast and Daniel Delling and Andrew V. Goldberg and Matthias {M{\"u}ller--Hannemann} and Thomas Pajor and Peter Sanders and Dorothea Wagner and Renato F. Werneck},
TITLE = {{Route Planning in Transportation Networks}},
EDITOR = {Lasse Kliemann and Peter Sanders},
BOOKTITLE = {Algorithm Engineering - Selected Results and Surveys},
PUBLISHER = {Springer},
SERIES = {Lecture Notes in Computer Science},
URL_ = {http://www.springer.com/gp/book/9783319494869},
VOLUME = {9220},
YEAR = {2016},
PAGES = {19--80},
PDF = {http://i11www.ira.uka.de/extra/publications/bdgmpsww-rptn-16.pdf}
}

@ARTICLE{dsw-cch-15,
AUTHOR = {Julian Dibbelt and Ben Strasser and Dorothea Wagner},
TITLE = {{Customizable Contraction Hierarchies}},
JOURNAL = {ACM Journal of Experimental Algorithmics},
MONTH = {April},
NUMBER = {1},
PAGES = {1.5:1--1.5:49},
URL = {http://doi.acm.org/10.1145/2886843},
VOLUME = {21},
YEAR = {2016}
}

@ARTICLE{dgpw-crprn-13,
AUTHOR = {Daniel Delling and Andrew V. Goldberg and Thomas Pajor and Renato F. Werneck},
TITLE = {{Customizable Route Planning in Road Networks}},
JOURNAL = {Transportation Science},
NUMBER = {2},
PAGES = {566--591},
URL = {http://dx.doi.org/10.1287/trsc.2014.0579},
VOLUME = {51},
YEAR = {2017}
}

@ARTICLE{gssv-erlrn-12,
AUTHOR = {Robert Geisberger and Peter Sanders and Dominik Schultes and Christian Vetter},
TITLE = {{Exact Routing in Large Road Networks Using Contraction Hierarchies}},
JOURNAL = {Transportation Science},
MONTH = {August},
NUMBER = {3},
PAGES = {388--404},
VOLUME = {46},
YEAR = {2012}
}

@INPROCEEDINGS{gh-cspas-05,
AUTHOR = {Andrew V. Goldberg and Chris Harrelson},
TITLE = {{Computing the Shortest Path: {A*} Search Meets Graph Theory}},
BOOKTITLE = {Proceedings of the 16th Annual {ACM--SIAM} Symposium on Discrete Algorithms (SODA'05)},
KEY = {SODA'05},
PUBLISHER = {SIAM},
YEAR = {2005},
PAGES = {156--165},
PDF = {http://i11www.ira.uka.de/extra/publications/gh-cspas-05.pdf}
}

@INPROCEEDINGS{gw-cppsp-05,
AUTHOR = {Andrew V. Goldberg and Renato F. Werneck},
TITLE = {{Computing Point-to-Point Shortest Paths from External Memory}},
BOOKTITLE = {Proceedings of the 7th Workshop on Algorithm Engineering and Experiments (ALENEX'05)},
KEY = {ALENEX'05},
PUBLISHER = {SIAM},
YEAR = {2005},
PAGES = {26--40},
PDF = {http://i11www.ira.uka.de/extra/publications/gw-cppsp-05.pdf}
}

@INPROCEEDINGS{swz-umlgt-02,
AUTHOR = {Frank Schulz and Dorothea Wagner and Christos Zaroliagis},
TITLE = {{Using Multi-Level Graphs for Timetable Information in Railway Systems}},
BOOKTITLE = {Proceedings of the 4th Workshop on Algorithm Engineering and Experiments (ALENEX'02)},
KEY = {ALENEX'02},
PUBLISHER = {Springer},
SERIES = {Lecture Notes in Computer Science},
VOLUME = {2409},
YEAR = {2002},
PAGES = {43--59},
PDF = {http://i11www.iti.uni-karlsruhe.de/extra/publications/swz-umlgt-02.pdf}
}

@TECHREPORT{or-tnp-89,
AUTHOR = {Ariel Orda and Raphael Rom},
TITLE = {{Traveling without waiting in time-dependent networks is NP-hard}},
INSTITUTION = {Dept. Electrical Engineering, Technion-Israel Institute of Technology},
YEAR = {1989}
}

@ARTICLE{bsw-rttau-19,
AUTHOR = {Valentin Buchhold and Peter Sanders and Dorothea Wagner},
TITLE = {{Real-time Traffic Assignment Using Engineered Customizable Contraction Hierarchies}},
JOURNAL = {ACM Journal of Experimental Algorithmics},
NUMBER = {2},
PAGES = {2.4:1--2.4:28},
URL = {https://dl.acm.org/citation.cfm?id=3362693},
VOLUME = {24},
YEAR = {2019}
}

@ARTICLE{ghuw-fbndocch-19,
AUTHOR = {Lars Gottesb{\"u}ren and Michael Hamann and Tim Niklas Uhl and Dorothea Wagner},
TITLE = {{Faster and Better Nested Dissection Orders for Customizable Contraction Hierarchies}},
JOURNAL = {Algorithms},
NUMBER = {9},
PAGES = {196},
PDF = {https://www.mdpi.com/1999-4893/12/9/196/pdf},
URL = {https://doi.org/10.3390/a12090196},
VOLUME = {12},
YEAR = {2019}
}

@INPROCEEDINGS{ss-hhhes-05,
AUTHOR = {Peter Sanders and Dominik Schultes},
TITLE = {{Highway Hierarchies Hasten Exact Shortest Path Queries}},
BOOKTITLE = {Proceedings of the 13th Annual European Symposium on Algorithms (ESA'05)},
KEY = {ESA'05},
PUBLISHER = {Springer},
SERIES = {Lecture Notes in Computer Science},
VOLUME = {3669},
YEAR = {2005},
PAGES = {568--579}
}
